
  @misc{ enwiki:1114639486,
    author = "{Wikipedia contributors}",
    title = "Xenon --- {Wikipedia}{,} The Free Encyclopedia",
    year = "2022",
    howpublished = "\url{https://en.wikipedia.org/w/index.php?title=Xenon&oldid=1114639486}",
    note = "[Online; accessed 31-October-2022]"
  }
